<?xml version="1.0" encoding="UTF-8"?><record xmlns="http://www.loc.gov/MARC21/slim" xmlns:cinclude="http://apache.org/cocoon/include/1.0" xmlns:zs="http://www.loc.gov/zing/srw/">
  <leader>00696cz  a2200169n  4500</leader>
  <controlfield tag="001">no2009171971</controlfield>
  <controlfield tag="003">DLC</controlfield>
  <controlfield tag="005">20121223133614.0</controlfield>
  <controlfield tag="008">091027n| acannaabn          |a aaa     c</controlfield>
  <datafield tag="010" ind1=" " ind2=" ">
    <subfield code="a">no2009171971</subfield>
  </datafield>
  <datafield tag="035" ind1=" " ind2=" ">
    <subfield code="a">(OCoLC)oca08286163</subfield>
  </datafield>
  <datafield tag="035" ind1=" " ind2=" ">
    <subfield code="a">(Uk)007615123</subfield>
  </datafield>
  <datafield tag="040" ind1=" " ind2=" ">
    <subfield code="a">DHMM</subfield>
    <subfield code="b">eng</subfield>
    <subfield code="c">DHMM</subfield>
    <subfield code="d">Uk</subfield>
  </datafield>
  <datafield tag="100" ind1="1" ind2=" ">
    <subfield code="a">Dehn, Rüdiger von</subfield>
  </datafield>
  <datafield tag="400" ind1="1" ind2=" ">
    <subfield code="a">Von Dehn, Rüdiger</subfield>
  </datafield>
  <datafield tag="670" ind1=" " ind2=" ">
    <subfield code="a">Die alliierte Invasion 1944 und Joseph Goebbels, 2008:</subfield>
    <subfield code="b">t.p. (Rüdiger von Dehn)</subfield>
  </datafield>
  <datafield tag="670" ind1=" " ind2=" ">
    <subfield code="a">Indien und Pakistan, Atommächte im Spannungsfeld regionaler und globaler Veränderungen, 2010:</subfield>
    <subfield code="b">t.p. (Rüdiger von Dehn) p. 529 (born 1981; historian at Bergische Universität Wuppertal, Bereich Neuere und Neueste Geschichte)</subfield>
  </datafield>
</record>